%%% CHA, VTA, detc.

%%% VTA
@inproceedings{Sundaresan2000,
 author = {Sundaresan, Vijay and Hendren, Laurie and Razafimahefa, Chrislain and Vall{\'e}e-Rai, Raja and Lam, Patrick and Gagnon, Etienne and Godin, Charles},
 title = {Practical Virtual Method Call Resolution for Java},
 booktitle = {Proceedings of the 15th ACM SIGPLAN Conference on Object-oriented Programming, Systems, Languages, and Applications},
 series = {OOPSLA '00},
 year = {2000},
 pages = {264--280}
}
%%% CHA
@inproceedings{Dean1995,
 author = {Dean, Jeffrey and Grove, David and Chambers, Craig},
 title = {Optimization of Object-Oriented Programs Using Static Class Hierarchy Analysis},
 booktitle = {Proceedings of the 9th European Conference on Object-Oriented Programming},
 series = {ECOOP '95},
 year = {1995},
 pages = {77--101},
}
@inproceedings{Bacon1996,
 author = {Bacon, David F. and Sweeney, Peter F.},
 title = {Fast Static Analysis of C++ Virtual Function Calls},
 booktitle = {Proceedings of the 11th ACM SIGPLAN Conference on Object-oriented Programming, Systems, Languages, and Applications},
 series = {OOPSLA '96},
 year = {1996},
 pages = {324--341}
}
%%% RTA
@inproceedings{Fernandez1995,
 author = {Fern\'{a}ndez, Mary F.},
 title = {Simple and Effective Link-time Optimization of Modula-3 Programs},
 booktitle = {Proceedings of the ACM SIGPLAN 1995 Conference on Programming Language Design and Implementation},
 series = {PLDI '95},
 year = {1995},
 pages = {103--115}
}

%%% points-to analysis

@PhdThesis{andersen94,
	semno =	"D-203",
	author =	"L. O. Andersen",
	title =	"Program analysis and specialization for the {C} programming language",
	school =	"DIKU, University of Copenhagen",
	year = 	"1994",
	month =	may
}

@inproceedings{Smaragdakis11,
	author = {Smaragdakis, Yannis and Bravenboer, Martin and Lhot\'{a}k, Ondrej},
	title = {Pick your contexts well: understanding object-sensitivity},
	booktitle = {Proceedings of the 38th annual ACM SIGPLAN-SIGACT symposium on	Principles of programming languages},
	series = {POPL '11},
	year = {2011},
	pages = {17--30},
}
@article{Milanova2005,
 author = {Milanova, Ana and Rountev, Atanas and Ryder, Barbara G.},
 title = {Parameterized Object Sensitivity for Points-to Analysis for Java},
 journal = {ACM Trans. Softw. Eng. Methodol.},
 issue_date = {January 2005},
 volume = {14},
 number = {1},
 month = jan,
 year = {2005},
 pages = {1--41},
}
@inproceedings{Tan16,
	author    = {Tian Tan and Yue Li and Jingling Xue},
	title     = {Making k-Object-Sensitive Pointer Analysis More Precise with Still k-Limiting},
	booktitle = {International Static Analysis Symposium, {SAS'16}},
	year      = {2016},
}

@article{Li2018,
 author = {Li, Yue and Tan, Tian and M{\o}ller, Anders and Smaragdakis, Yannis},
 title = {Precision-guided Context Sensitivity for Pointer Analysis},
 journal = {Proc. ACM Program. Lang.},
 issue_date = {November 2018},
 volume = {2},
 number = {OOPSLA},
 month = oct,
 year = {2018},
 issn = {2475-1421},
 pages = {141:1--141:29},
 articleno = {141},
}

%% SOOT
@misc{soot,
  title = {SOOT},
  howpublished = {\url{https://sable.github.io/soot/}},
  note = {Accessed: 2019-06-10}
}

%% String analysis by Abstract Interpretation

@inproceedings{Christensen03,
  author = {Christensen, Aske Simon and M{\o}ller, Anders and Schwartzbach, Michael I.},
  title = {Precise Analysis of String Expressions},
  booktitle = {Proceedings of the 10th International Conference on Static Analysis ({SAS'03})},
  year = {2003},
  pages = {1--18}
}
@incollection{MN01,
  author        = {M. Mohri and M.~J.~Nederhof},
  title         = {Regular Approximation of Context-Free Grammars through Transformation},
  booktitle     = {In: Junqua JC., van Noord G. (eds) Robustness in Language and Speech Technology. Text, Speech and Language Technology},
  year          = {2001},
  volume        = {17},
  pages         = {3-99},
  publisher     = {Springer}
}
@inproceedings{LLMW015,
   author = {Li, Ding and Lyu, Yingjun and Wan, Mian and Halfond, William G. J.},
   title = {String Analysis for Java and Android Applications},
   booktitle = {Proceedings of the 2015 10th Joint Meeting on Foundations of Software Engineering, {ESEC/FSE 2015}},
   year = {2015},
   pages = {661--672},
}


@inproceedings{Yu11,
   author = {Yu, Fang and Bultan, Tevfik and Hardekopf, Ben},
   title = {String Abstractions for String Verification},
   booktitle = {Proceedings of the 18th International SPIN Conference on Model Checking Software},
   year = {2011},
   pages = {20--37},
}
@inproceedings{Wang16,
  author    = {Hung{-}En Wang and
               Tzung{-}Lin Tsai and
               Chun{-}Han Lin and
               Fang Yu and
               Jie{-}Hong R. Jiang},
  title     = {String Analysis via Automata Manipulation with Logic Circuit Representation},
  booktitle = {Computer Aided Verification, {CAV} 2016},
  pages     = {241--260},
  year      = {2016}
}
@inproceedings{YSLCWB16,
   author = {Yu, Fang and Shueh, Ching-Yuan and Lin, Chun-Han and Chen, Yu-Fang and Wang, Bow-Yaw and Bultan, Tevfik},
   title = {Optimal Sanitization Synthesis for Web Application Vulnerability Repair},
   booktitle = {Proceedings of the 25th International Symposium on Software Testing and Analysis, {ISSTA 2016}},
   year = {2016},
   pages = {189--200},
}

@inproceedings{Amadini17,
  author    = {Roberto Amadini and
               Alexander Jordan and
               Graeme Gange and
               Fran{\c{c}}ois Gauthier and
               Peter Schachte and
               Harald S{\o}ndergaard and
               Peter J. Stuckey and
               Chenyi Zhang},
  title     = {Combining String Abstract Domains for JavaScript Analysis: An Evaluation},
  booktitle = {Tools and Algorithms for the Construction and Analysis of Systems
               {TACAS} 2017},
  pages     = {41--57},
  year      = {2017}
}
@article{Costantini13,
	author    = {Giulia Costantini and Pietro Ferrara and Agostino Cortesi},
	title     = {A suite of abstract domains for static analysis of string values},
	journal   = {Software --– Practice and Experience},
	volume    = {45},
	pages     = {245–-287},
	year      = {2015},
}


%% String analysis by constraint solving

@misc{z3str3,
    title = {$Z3str3$ String Solver Documentation},
    author = {$Z3Str3$ String Solver Team},
    note = {https://zyh1121.github.io/z3str3Docs/index.html},
    year = {2017}
}
@inproceedings{Barrett11,
 author = {Barrett, Clark and Conway, Christopher L. and Deters, Morgan and Hadarean, Liana and Jovanovi\'{c}, Dejan and King, Tim and Reynolds, Andrew and Tinelli, Cesare},
 title = {CVC4},
 booktitle = {Proceedings of the 23rd International Conference on Computer Aided Verification, {CAV}'11},
 year = {2011},
 pages = {171--177}
}
@inproceedings{TrinhCJ16,
  author    = {Minh{-}Thai Trinh and Duc{-}Hiep Chu and Joxan Jaffar},
  title     = {Progressive Reasoning over Recursively-Defined Strings},
  booktitle = {Computer Aided Verification - 28th International Conference, {CAV} 2016},
  pages     = {218--240},
  year      = {2016}
}


%% Java Reflection with string matching --- string set domain & datalog

@inproceedings{GrechKS18,
  author    = {Neville Grech and
               George Kastrinis and
               Yannis Smaragdakis},
  title     = {Efficient Reflection String Analysis via Graph Coloring},
  booktitle = {32nd European Conference on Object-Oriented Programming, {ECOOP} 2018},
  pages     = {26:1--26:25},
  year      = {2018},
}
@inproceedings{Smaragdakis15,
    author = {Yannis Smaragdakis and George Kastrinis and George Balatsouras and Martin Bravenboer},
    title = {More Sound Static Handling of Java Reflection},
    booktitle = {{APLAS} 2015},
    year = {2015},
    pages = {485-503}
}

%%DOOP
@inproceedings{Bravenboer09,
    author = {Martin Bravenboer and Yannis Smaragdakis},
    title = {Strictly declarative specification of sophisticated points-to analyses},
    booktitle = {24th ACM SIGPLAN Conference on Object-Oriented Programming, Systems, Languages, and Applications, {OOPSLA}’09},
    year = {2009},
    pages = {243–-262}
}

@inproceedings{LTSX14,
  author    = {Yue Li and Tian Tan and Yulei Sui and Jingling Xue},
  title     = {Self-inferencing reflection resolution for Java},
  booktitle = {28th European Conference on Object-Oriented Programming, {ECOOP} 2014},
  pages     = {27-–53},
  year      = {2014},
}

@phdthesis{Livshits06,
  author       = {Benjamin Livshits},
  title        = {Improving Software Security with Precise Static and Runtime Analysis},
  school       = {Stanford University},
  year         = 2006,
}


@inproceedings{Smaragdakis11,
	author = {Smaragdakis, Yannis and Bravenboer, Martin and Lhot\'{a}k, Ondrej},
	title = {Pick your contexts well: understanding object-sensitivity},
	booktitle = {Proceedings of the 38th annual ACM SIGPLAN-SIGACT symposium on	Principles of programming languages},
	series = {POPL '11},
	year = {2011},
	pages = {17--30},
}

@inproceedings{Landman17,
   author = {Landman, Davy and Serebrenik, Alexander and Vinju, Jurgen J.},
   title = {Challenges for Static Analysis of Java Reflection: Literature Review and Empirical Study},
   booktitle = {Proceedings of the 39th International Conference on Software Engineering {ICSE '17}},
   year = {2017},
   pages = {507--518},
}

%%%%%%%%%%%%%% templates

@inproceedings{gong97,
	author    = {Li Gong and
	Marianne Mueller and
	Hemma Prafullchandra and
	Roland Schemers},
	title     = {Going Beyond the Sandbox: An Overview of the New Security Architecture
	in the {J}ava {D}evelopment {K}it 1.2},
	booktitle = {1st {USENIX} Symposium on Internet Technologies and Systems, USITS'97,
	Monterey, California, USA, December 8-11, 1997},
	year      = {1997},
}

@article{hardy88,
	author    = {Norman Hardy},
	title     = {The Confused Deputy (or why capabilities might have been invented)},
	journal   = {Operating Systems Review},
	volume    = {22},
	number    = {4},
	pages     = {36--38},
	year      = {1988},
}
